@UNPUBLISHED{bibtex.a,
   author = "Phillip A. Laplante, Seppo J. Ovaska",
   title = "Real-time systems design and analysis",
   note = "Tools for the Practitioner, Fourth Edition",
   month = "8$^{th}$~" # feb,
   language = "USenglish",
   year = 2012, }

@BOOK{RTS,
  AUTHOR       = "Phillip A. Laplante and Seppo J. Ovaska",
  TITLE        = "Real-time systems design and analysis",
  PUBLISHER    = "Wiley-IEEE Press",
  YEAR         = "2012",
  NOTE         = "Tools for the Practitioner, Fourth Edition",
}

@manual{TI,
    author = "Texas Instruments Incorporated",
    title = "TMS320C40 DIGITAL SIGNAL PROCESSOR",
    year = "1996",
    month = "January"
}

@manual{TI_c55x,
    author = "Texas Instruments Incorporated",
    title = "TMS320C55x Technical Overview",
    year = "2000",
    month = "February"
}

@article{Scheduling,
    author = "K. Konstantinides, R.T. Kaneshiro, J.R. Tani",
    title = "Task allocation and scheduling models for multiprocessor digital signal processing",
    journal = "IEEE Transactions on Acoustics, Speech, and Signal Processing",
    year = "1990"
}

@book{frey2008signal,
  title={Signal-und Systemtheorie},
  author={Frey, Thomas and Bossert, Martin},
  volume={2},
  year={2008},
  publisher={Springer}
}
